<?xml version="1.0" encoding="utf-8"?>
<record xmlns="http://www.loc.gov/MARC21/slim" xmlns:xsi="http://www.w3.org/2001/XMLSchema-instance" xsi:schemaLocation="http://www.loc.gov/MARC21/slim http://www.loc.gov/standards/marcxml/schema/MARC21slim.xsd">
	<leader>     nam a22     Mi 4500</leader>
	<controlfield tag="001">259798</controlfield>
	<controlfield tag="003">NjP</controlfield>
	<controlfield tag="006">m        d        </controlfield>
	<controlfield tag="007">cr cn |||m|||a</controlfield>
	<controlfield tag="008">180802m19559999ir      oe    000 0cara d</controlfield>
	<datafield ind1="7" ind2=" " tag="024">
		<subfield code="a">princeton_aco001202</subfield>
		<subfield code="2">local</subfield>
	</datafield>
	<datafield ind1=" " ind2=" " tag="040">
		<subfield code="a">ZYU</subfield>
		<subfield code="b">eng</subfield>
		<subfield code="c">ZYU</subfield>
	</datafield>
	<datafield ind1=" " ind2="4" tag="050">
		<subfield code="a">BP193.5</subfield>
		<subfield code="b">.A43 1955</subfield>
	</datafield>
	<datafield ind1=" " ind2=" " tag="079">
		<subfield code="a">ocm27274510</subfield>
	</datafield>
	<datafield ind1="1" ind2=" " tag="100">
		<subfield code="6">880-01</subfield>
		<subfield code="a">Aʻlamī, Muḥammad Ḥusayn,</subfield>
		<subfield code="d">1902-</subfield>
	</datafield>
	<datafield ind1="1" ind2="0" tag="245">
		<subfield code="6">880-02</subfield>
		<subfield code="a">Dāʼirat al-maʻārif</subfield>
		<subfield code="h">[electronic resource] :</subfield>
		<subfield code="b">al-musammāh bi-Muqtabis al-athar wa-mujaddid mā dathar /</subfield>
		<subfield code="c">taʼlīf Muḥammad Ḥusayn al-Shaykh Sulaymān al-Aʻlamī al-Mihrajānī al-Ḥāʼirī.</subfield>
	</datafield>
	<datafield ind1=" " ind2=" " tag="250">
		<subfield code="6">880-03</subfield>
		<subfield code="a">al-Ṭabʻah 1.</subfield>
	</datafield>
	<datafield ind1=" " ind2=" " tag="260">
		<subfield code="6">880-04</subfield>
		<subfield code="a">Qum :</subfield>
		<subfield code="b">Maṭbaʻat al-Ḥakimah,</subfield>
		<subfield code="c">[1375]- i.e. [1955 or 1956]-</subfield>
	</datafield>
	<datafield ind1=" " ind2=" " tag="300">
		<subfield code="a">online resource (v.)</subfield>
	</datafield>
	<datafield ind1=" " ind2=" " tag="500">
		<subfield code="a">Part of the Arabic Collections Online (ACO) project, contributed by Princeton University Libraries.</subfield>
	</datafield>
	<datafield ind1=" " ind2=" " tag="533">
		<subfield code="a">Electronic reproduction.</subfield>
		<subfield code="b">New York, N.Y. :</subfield>
		<subfield code="c">New York University,</subfield>
		<subfield code="d">2018.</subfield>
		<subfield code="5">NNU</subfield>
	</datafield>
	<datafield ind1=" " ind2="0" tag="650">
		<subfield code="a">Shiites</subfield>
		<subfield code="x">Dictionaries</subfield>
		<subfield code="x">Arabic.</subfield>
	</datafield>
	<datafield ind1="2" ind2=" " tag="710">
		<subfield code="a">Princeton University.</subfield>
		<subfield code="b">Library.</subfield>
	</datafield>
	<datafield ind1="0" ind2=" " tag="730">
		<subfield code="a">Arabic Collections Online.</subfield>
	</datafield>
	<datafield ind1="0" ind2=" " tag="740">
		<subfield code="6">880-05</subfield>
		<subfield code="a">Muqtabis al-athar wa-mujaddid mā dathar.</subfield>
	</datafield>
	<datafield ind1="0" ind2="8" tag="776">
		<subfield code="i">Print version:</subfield>
		<subfield code="a">Aʻlamī, Muḥammad Ḥusayn, 1902-</subfield>
		<subfield code="t">Dāʼirat al-maʻārif</subfield>
		<subfield code="w">(NjP)259798</subfield>
	</datafield>
	<datafield ind1="4" ind2="0" tag="856">
		<subfield code="u">http://hdl.handle.net/2333.1/hdr7sxgh</subfield>
	</datafield>
	<datafield ind1="1" ind2=" " tag="880">
		<subfield code="6">100-01</subfield>
		<subfield code="a">اعلمي، محمد حسين،‎‎</subfield>
		<subfield code="d">1902-</subfield>
	</datafield>
	<datafield ind1="1" ind2="0" tag="880">
		<subfield code="6">245-02</subfield>
		<subfield code="a">دائرة المعارف :‎‎</subfield>
		<subfield code="b">المسماة بمقتبس الاثر ومجدد ما دثر /‎‎</subfield>
		<subfield code="c">تأليف محمد حسين الشيخ سليمان الاعلمي المهرجاني الحائري.‎‎</subfield>
	</datafield>
	<datafield ind1=" " ind2=" " tag="880">
		<subfield code="6">250-03</subfield>
		<subfield code="a">الطبعة 1.‎‎</subfield>
	</datafield>
	<datafield ind1=" " ind2=" " tag="880">
		<subfield code="6">260-04</subfield>
		<subfield code="a">قم :‎‎</subfield>
		<subfield code="b">مطبعة الحكمة،‎‎</subfield>
		<subfield code="c">[1375]- i.e. [1955 or 1956]-</subfield>
	</datafield>
	<datafield ind1="0" ind2=" " tag="880">
		<subfield code="6">740-05</subfield>
		<subfield code="a">مقتبس الاثر ومجدد ما دثر.‎‎</subfield>
	</datafield>
	<datafield ind1=" " ind2=" " tag="911">
		<subfield code="a">19940505</subfield>
	</datafield>
	<datafield ind1=" " ind2=" " tag="912">
		<subfield code="a">19940425000000.0</subfield>
	</datafield>
	<datafield ind1=" " ind2=" " tag="959">
		<subfield code="a">NNU</subfield>
		<subfield code="b">WEB</subfield>
		<subfield code="c">GENI</subfield>
		<subfield code="t">0</subfield>
		<subfield code="m">Electronic access</subfield>
		<subfield code="s">01</subfield>
	</datafield>
	<datafield ind1=" " ind2=" " tag="999">
		<subfield code="a">259798</subfield>
		<subfield code="e">(ERROR-MISC)</subfield>
		<subfield code="i">NjP_259798</subfield>
		<subfield code="s">princeton_aco001204:pt.3</subfield>
		<subfield code="s">princeton_aco001203:pt.4</subfield>
		<subfield code="s">princeton_aco001202:pt.5</subfield>
		<subfield code="s">princeton_aco001208:pt.6</subfield>
		<subfield code="s">princeton_aco001207:pt.7</subfield>
		<subfield code="s">princeton_aco001206:pt.8</subfield>
		<subfield code="s">princeton_aco001205:pt.9</subfield>
		<subfield code="s">princeton_aco001257:pt.10</subfield>
		<subfield code="s">princeton_aco001211:pt.14</subfield>
		<subfield code="s">princeton_aco001210:pt.15</subfield>
		<subfield code="s">princeton_aco001209:pt.16</subfield>
		<subfield code="s">princeton_aco001217:pt.18</subfield>
		<subfield code="s">princeton_aco001216:pt.19</subfield>
		<subfield code="s">princeton_aco001215:pt.21</subfield>
		<subfield code="s">princeton_aco001214:pt.22</subfield>
		<subfield code="s">princeton_aco001213:pt.23</subfield>
		<subfield code="s">princeton_aco001212:pt.24</subfield>
		<subfield code="s">princeton_aco001222:pt.25</subfield>
		<subfield code="s">princeton_aco001221:pt.26</subfield>
		<subfield code="s">princeton_aco001220:pt.27</subfield>
		<subfield code="s">princeton_aco001219:pt.28</subfield>
		<subfield code="s">princeton_aco001218:pt.29</subfield>
	</datafield>
</record>
